@webpage{Fear:2005manual,
	Author = {Fear, Simon},
	Date-Added = {2010-04-18 21:39:26 -0700},
	Date-Modified = {2010-04-18 21:42:24 -0700},
	Lastchecked = {April 18, 2010},
	Title = {Publication quality tables in {LaTeX}},
	Url = {http://www.ctan.org/tex-archive/macros/latex/contrib/booktabs/booktabs.pdf},
	Year = {2005}
}

@online{GuardianRedditOverview,
	Title = {A new website makes it easier to sift the mountains of news content online - and learns what you like},
	Lastchecked = {March 3, 2016},
	Url={http://www.theguardian.com/technology/2005/dec/08/innovations.guardianweeklytechnologysection1},
	Year = {2005}
}
