@online{Guardian,
	Title = {A new website makes it easier to sift the mountains of news content online - and learns what you like},
	Lastchecked = {March 3, 2016},
	Url={http://www.theguardian.com/technology/2005/dec/08/innovations.guardianweeklytechnologysection1},
	Year = {2005}
}

@online{Atlantic,
	Title = {AMA: How a Weird Internet Thing Became a Mainstream Delight},
	Lastchecked = {March 3, 2016},
	Url={http://www.theatlantic.com/technology/archive/2014/01/ama-how-a-weird-internet-thing-became-a-mainstream-delight/282860/},
	Year = {2014}
}

@online{RedditBlog,
	Title = {Decimating Our Ads Revenue},
	Lastchecked = {March 3, 2016},
	Url={http://www.redditblog.com/2014/02/decimating-our-ads-revenue.html},
	Year = {2014}
}

@online{DonorsChoose,
	Title = {Welcome Redditors!},
	Lastchecked = {March 3, 2016},
	Url={http://www.donorschoose.org/donors/viewChallenge.html?id=39361&home=true},
	Year = {2010}
}

@online{GuardianRedditOverview,
	Title = {A new website makes it easier to sift the mountains of news content online - and learns what you like},
	Lastchecked = {March 3, 2016},
	Url={http://www.theguardian.com/technology/2005/dec/08/innovations.guardianweeklytechnologysection1},
	Year = {2005}
}

@online{Laravel,
	Title = {Laravel Documentation},
	Lastchecked = {March 13, 2016},
	Url={https://laravel.com/docs/4.2/introduction},
	Year = {2014}
}
